@article{DeMaioSK2013,
  title={Linking great apes genome evolution across time scales using polymorphism-aware phylogenetic models},
  author={De Maio, Nicola and Schl{\"o}tterer, Christian and Kosiol, Carolin},
  journal={Molecular biology and evolution},
  volume={30},
  number={10},
  pages={2249--2262},
  year={2013},
  publisher={SMBE},
  url={http://mbe.oxfordjournals.org/content/30/10/2249.full.pdf+html},
  doi={10.1093/molbev/mst131}
}

